
@article{carrasco_kind_sparse_2014,
	title = {Sparse representation of photometric redshift probability density functions: preparing for petascale astronomy},
	volume = {441},
	issn = {0035-8711},
	shorttitle = {Sparse representation of photometric redshift probability density functions},
	number = {4},
	journal = {Mon Not R Astron Soc},
	author = {Carrasco Kind, Matias and Brunner, Robert J.},
	month = jul,
	year = {2014},
	pages = {3550--3561},
}

@article{benitez_bayesian_2000,
	title = {Bayesian {Photometric} {Redshift} {Estimation}},
	volume = {536},
	issn = {0004-637X},
	language = {en},
	number = {2},
	journal = {ApJ},
	author = {Ben{\'i}tez, Narciso},
	year = {2000},
	pages = {571},
}

@article{krause_cosmolike_2017,
	title = {cosmolike {\textendash} cosmological likelihood analyses for photometric galaxy surveys},
	volume = {470},
	issn = {0035-8711},
	number = {2},
	journal = {Mon Not R Astron Soc},
	author = {Krause, Elisabeth and Eifler, Tim},
	month = sep,
	year = {2017},
	pages = {2100--2112},
}

@article{abell_lsst_2009,
	title = {{LSST} {Science} {Book}, {Version} 2.0},
	author = {Abell, Paul A. and Allison, Julius and Anderson, Scott F. and Andrew, John R. and Angel, J. Roger P. and Armus, Lee and Arnett, David and Asztalos, S. J. and Axelrod, Tim S. and Bailey, Stephen and Ballantyne, D. R. and Bankert, Justin R. and Barkhouse, Wayne A. and Barr, Jeffrey D. and Barrientos, L. Felipe and Barth, Aaron J. and Bartlett, James G. and Becker, Andrew C. and Becla, Jacek and Beers, Timothy C. and Bernstein, Joseph P. and Biswas, Rahul and Blanton, Michael R. and Bloom, Joshua S. and Bochanski, John J. and Boeshaar, Pat and Borne, Kirk D. and Bradac, Marusa and Brandt, W. N. and Bridge, Carrie R. and Brown, Michael E. and Brunner, Robert J. and Bullock, James S. and Burgasser, Adam J. and Burge, James H. and Burke, David L. and Cargile, Phillip A. and Chandrasekharan, Srinivasan and Chartas, George and Chesley, Steven R. and Chu, You-Hua and Cinabro, David and Claire, Mark W. and Claver, Charles F. and Clowe, Douglas and Connolly, A. J. and Cook, Kem H. and Cooke, Jeff and Cooray, Asantha and Covey, Kevin R. and Culliton, Christopher S. and de Jong, Roelof and de Vries, Willem H. and Debattista, Victor P. and Delgado, Francisco and Dell'Antonio, Ian P. and Dhital, Saurav and Di Stefano, Rosanne and Dickinson, Mark and Dilday, Benjamin and Djorgovski, S. G. and Dobler, Gregory and Donalek, Ciro and Dubois-Felsmann, Gregory and Durech, Josef and Eliasdottir, Ardis and Eracleous, Michael and Eyer, Laurent and Falco, Emilio E. and Fan, Xiaohui and Fassnacht, Christopher D. and Ferguson, Harry C. and Fernandez, Yanga R. and Fields, Brian D. and Finkbeiner, Douglas and Figueroa, Eduardo E. and Fox, Derek B. and Francke, Harold and Frank, James S. and Frieman, Josh and Fromenteau, Sebastien and Furqan, Muhammad and Galaz, Gaspar and Gal-Yam, A. and Garnavich, Peter and Gawiser, Eric and Geary, John and Gee, Perry and Gibson, Robert R. and Gilmore, Kirk and Grace, Emily A. and Green, Richard F. and Gressler, William J. and Grillmair, Carl J. and Habib, Salman and Haggerty, J. S. and Hamuy, Mario and Harris, Alan W. and Hawley, Suzanne L. and Heavens, Alan F. and Hebb, Leslie and Henry, Todd J. and Hileman, Edward and Hilton, Eric J. and Hoadley, Keri and Holberg, J. B. and Holman, Matt J. and Howell, Steve B. and Infante, Leopoldo and Ivezi{\'c}, {\v Z}eljko and Jacoby, Suzanne H. and Jain, Bhuvnesh and R and Jedicke and Jee, M. James and Jernigan, J. Garrett and Jha, Saurabh W. and Johnston, Kathryn V. and Jones, R. Lynne and Juric, Mario and Kaasalainen, Mikko and Styliani and Kafka and Kahn, Steven M. and Kaib, Nathan A. and Kalirai, Jason and Kantor, Jeff and Kasliwal, Mansi M. and Keeton, Charles R. and Kessler, Richard and Knezevic, Zoran and Kowalski, Adam and Krabbendam, Victor L. and Krughoff, K. Simon and Kulkarni, Shrinivas and Kuhlman, Stephen and Lacy, Mark and Lepine, Sebastien and Liang, Ming and Lien, Amy and Lira, Paulina and Long, Knox S. and Lorenz, Suzanne and Lotz, Jennifer M. and Lupton, R. H. and Lutz, Julie and Macri, Lucas M. and Mahabal, Ashish A. and Mandelbaum, Rachel and Marshall, Phil and May, Morgan and McGehee, Peregrine M. and Meadows, Brian T. and Meert, Alan and Milani, Andrea and Miller, Christopher J. and Miller, Michelle and Mills, David and Minniti, Dante and Monet, David and Mukadam, Anjum S. and Nakar, Ehud and Neill, Douglas R. and Newman, Jeffrey A. and Nikolaev, Sergei and Nordby, Martin and O'Connor, Paul and Oguri, Masamune and Oliver, John and Olivier, Scot S. and Olsen, Julia K. and Olsen, Knut and Olszewski, Edward W. and Oluseyi, Hakeem and Padilla, Nelson D. and Parker, Alex and Pepper, Joshua and Peterson, John R. and Petry, Catherine and Pinto, Philip A. and Pizagno, James L. and Popescu, Bogdan and Prsa, Andrej and Radcka, Veljko and Raddick, M. Jordan and Rasmussen, Andrew and Rau, Arne and Rho, Jeonghee and Rhoads, James E. and Richards, Gordon T. and Ridgway, Stephen T. and Robertson, Brant E. and Roskar, Rok and Saha, Abhijit and Sarajedini, Ata and Scannapieco, Evan and Schalk, Terry and Schindler, Rafe and Schmidt, Samuel and Schmidt, Sarah and Schneider, Donald P. and Schumacher, German and Scranton, Ryan and Sebag, Jacques and Seppala, Lynn G. and Shemmer, Ohad and Simon, Joshua D. and Sivertz, M. and Smith, Howard A. and Smith, J. Allyn and Smith, Nathan and Spitz, Anna H. and Stanford, Adam and Stassun, Keivan G. and Strader, Jay and Strauss, Michael A. and Stubbs, Christopher W. and Sweeney, Donald W. and Szalay, Alex and Szkody, Paula and Takada, Masahiro and Thorman, Paul and Trilling, David E. and Trimble, Virginia and Tyson, Anthony and Van Berg, Richard and Berk, Daniel Vanden and VanderPlas, Jake and Verde, Licia and Vrsnak, Bojan and Walkowicz, Lucianne M. and Wandelt, Benjamin D. and Wang, Sheng and Wang, Yun and Warner, Michael and Wechsler, Risa H. and West, Andrew A. and Wiecha, Oliver and Williams, Benjamin F. and Willman, Beth and Wittman, David and Wolff, Sidney C. and Wood-Vasey, W. Michael and Wozniak, Przemek and Young, Patrick and Zentner, Andrew and Zhan, Hu},
	month = dec,
	year = {2009},
}

@article{sadeh_annz2:_2016,
	title = {{ANNz2}: {Photometric} {Redshift} and {Probability} {Distribution} {Function} {Estimation} using {Machine} {Learning}},
	volume = {128},
	issn = {1538-3873},
	shorttitle = {{ANNz2}},
	language = {en},
	number = {968},
	journal = {PASP},
	author = {Sadeh, I. and Abdalla, F. B. and Lahav, O.},
	year = {2016},
	pages = {104502},
}

@article{bonnett_redshift_2016,
	title = {Redshift distributions of galaxies in the {Dark} {Energy} {Survey} {Science} {Verification} shear catalogue and implications for weak lensing},
	volume = {94},
	number = {4},
	journal = {Phys. Rev. D},
	author = {Bonnett, Christopher and Troxel, M. A. and Hartley, William and Amara, Adam and Leistedt, Boris and Becker, Matthew R. and Bernstein, Gary M. and Bridle, Sarah Louise and Bruderer, Claudio and Busha, M. T.},
	year = {2016},
	pages = {042005},
}

@article{hildebrandt_kids-450:_2017,
	title = {{KiDS}-450: cosmological parameter constraints from tomographic weak gravitational lensing},
	volume = {465},
	issn = {0035-8711},
	shorttitle = {{KiDS}-450},
	journal = {Mon Not R Astron Soc},
	author = {Hildebrandt, H. and Viola, M. and Heymans, C. and Joudaki, S. and Kuijken, K. and Blake, C. and Erben, T. and Joachimi, B. and Klaes, D. and Miller, L. and Morrison, C. B. and Nakajima, R. and Verdoes Kleijn, G. and Amon, A. and Choi, A. and Covone, G. and de Jong, J. T. A. and Dvornik, A. and Fenech Conti, I. and Grado, A. and Harnois-D{\'e}raps, J. and Herbonnet, R. and Hoekstra, H. and K{\"o}hlinger, F. and McFarland, J. and Mead, A. and Merten, J. and Napolitano, N. and Peacock, J. A. and Radovich, M. and Schneider, P. and Simon, P. and Valentijn, E. A. and van den Busch, J. L. and van Uitert, E. and Van Waerbeke, L.},
	month = feb,
	year = {2017},
	pages = {1454--1498},
}

@article{herbel_redshift_2017,
	title = {The redshift distribution of cosmological samples: a forward modeling approach},
	volume = {2017},
	issn = {1475-7516},
	shorttitle = {The redshift distribution of cosmological samples},
	language = {en},
	number = {08},
	journal = {J. Cosmol. Astropart. Phys.},
	author = {Herbel, J{\"o}rg and Kacprzak, Tomasz and Amara, Adam and Refregier, Alexandre and Bruderer, Claudio and Nicola, Andrina},
	year = {2017},
	pages = {035},
}

@article{coe_fisher_2009,
	title = {Fisher {Matrices} and {Confidence} {Ellipses}: {A} {Quick}-{Start} {Guide} and {Software}},
	shorttitle = {Fisher {Matrices} and {Confidence} {Ellipses}},
	journal = {arXiv:0906.4123 [astro-ph]},
	author = {Coe, Dan},
	month = jun,
	year = {2009},
}

@article{hearin_general_2012,
	title = {General {Requirements} on {Matter} {Power} {Spectrum} {Predictions} for {Cosmology} with {Weak} {Lensing} {Tomography}},
	volume = {2012},
	issn = {1475-7516},
	number = {04},
	journal = {Journal of Cosmology and Astroparticle Physics},
	author = {Hearin, Andrew P. and Zentner, Andrew R. and Ma, Zhaoming},
	month = apr,
	year = {2012},
	pages = {034--034},
}

@article{schmidt_improved_2013,
	title = {Improved photometric redshifts via enhanced estimates of system response, galaxy templates and magnitude priors},
	volume = {431},
	issn = {0035-8711},
	language = {en},
	number = {3},
	journal = {Mon Not R Astron Soc},
	author = {Schmidt, Samuel J. and Thorman, Paul},
	month = may,
	year = {2013},
	pages = {2766--2777},
}

@article{mandelbaum_weak_2017,
	title = {Weak lensing for precision cosmology},
	journal = {arXiv:1710.03235 [astro-ph]},
	author = {Mandelbaum, Rachel},
	month = oct,
	year = {2017},
}

@article{tanaka_photometric_2018,
	title = {Photometric redshifts for {Hyper} {Suprime}-{Cam} {Subaru} {Strategic} {Program} {Data} {Release} 1},
	volume = {70},
	issn = {0004-6264},
	language = {en},
	number = {SP1},
	journal = {Publ Astron Soc Jpn Nihon Tenmon Gakkai},
	author = {Tanaka, Masayuki and Coupon, Jean and Hsieh, Bau-Ching and Mineo, Sogo and Nishizawa, Atsushi J. and Speagle, Joshua and Furusawa, Hisanori and Miyazaki, Satoshi and Murayama, Hitoshi},
	month = jan,
	year = {2018},
	pages = {S9},
}

@article{asorey_galaxy_2016,
	title = {Galaxy clustering with photometric surveys using {PDF} redshift information},
	volume = {459},
	issn = {0035-8711, 1365-2966},
	number = {2},
	journal = {Monthly Notices of the Royal Astronomical Society},
	author = {Asorey, J. and Kind, M. Carrasco and Sevilla-Noarbe, I. and Brunner, R. J. and Thaler, J.},
	month = jun,
	year = {2016},
	pages = {1293--1309},
}

@article{sheldon_photometric_2012,
	title = {Photometric {Redshift} {Probability} {Distributions} for {Galaxies} in the {SDSS} {DR8}},
	volume = {201},
	issn = {0067-0049},
	language = {en},
	number = {2},
	journal = {ApJS},
	author = {Sheldon, Erin S. and Cunha, Carlos E. and Mandelbaum, Rachel and Brinkmann, J. and Weaver, Benjamin A.},
	year = {2012},
	pages = {32},
}

@article{mandelbaum_precision_2008,
	title = {Precision photometric redshift calibration for galaxy{\textendash}galaxy weak lensing},
	volume = {386},
	issn = {0035-8711},
	language = {en},
	number = {2},
	journal = {Mon Not R Astron Soc},
	author = {Mandelbaum, R. and Seljak, U. and Hirata, C. M. and Bardelli, S. and Bolzonella, M. and Bongiorno, A. and Carollo, M. and Contini, T. and Cunha, C. E. and Garilli, B. and Iovino, A. and Kampczyk, P. and Kneib, J.-P. and Knobel, C. and Koo, D. C. and Lamareille, F. and Le F{\`e}vre, O. and Leborgne, J.-F. and Lilly, S. J. and Maier, C. and Mainieri, V. and Mignoli, M. and Newman, J. A. and Oesch, P. A. and Perez-Montero, E. and Ricciardelli, E. and Scodeggio, M. and Silverman, J. and Tasca, L.},
	month = may,
	year = {2008},
	pages = {781--806},
}

@article{laureijs_euclid_2011,
	title = {Euclid {Definition} {Study} {Report}},
	journal = {ESA/SRE(2011)12},
	author = {Laureijs, R. and Amiaux, J. and Arduini, S. and Augu{\`e}res, J.-L. and Brinchmann, J. and Cole, R. and Cropper, M. and Dabin, C. and Duvet, L. and Ealet, A. and Garilli, B. and Gondoin, P. and Guzzo, L. and Hoar, J. and Hoekstra, H. and Holmes, R. and Kitching, T. and Maciaszek, T. and Mellier, Y. and Pasian, F. and Percival, W. and Rhodes, J. and Criado, G. Saavedra and Sauvage, M. and Scaramella, R. and Valenziano, L. and Warren, S. and Bender, R. and Castander, F. and Cimatti, A. and F{\`e}vre, O. Le and Kurki-Suonio, H. and Levi, M. and Lilje, P. and Meylan, G. and Nichol, R. and Pedersen, K. and Popa, V. and Lopez, R. Rebolo and Rix, H.-W. and Rottgering, H. and Zeilinger, W. and Grupp, F. and Hudelot, P. and Massey, R. and Meneghetti, M. and Miller, L. and Paltani, S. and Paulin-Henriksson, S. and Pires, S. and Saxton, C. and Schrabback, T. and Seidel, G. and Walsh, J. and Aghanim, N. and Amendola, L. and Bartlett, J. and Baccigalupi, C. and Beaulieu, J.-P. and Benabed, K. and Cuby, J.-G. and Elbaz, D. and Fosalba, P. and Gavazzi, G. and Helmi, A. and Hook, I. and Irwin, M. and Kneib, J.-P. and Kunz, M. and Mannucci, F. and Moscardini, L. and Tao, C. and Teyssier, R. and Weller, J. and Zamorani, G. and Osorio, M. R. Zapatero and Boulade, O. and Foumond, J. J. and Di Giorgio, A. and Guttridge, P. and James, A. and Kemp, M. and Martignac, J. and Spencer, A. and Walton, D. and Bl{\"u}mchen, T. and Bonoli, C. and Bortoletto, F. and Cerna, C. and Corcione, L. and Fabron, C. and Jahnke, K. and Ligori, S. and Madrid, F. and Martin, L. and Morgante, G. and Pamplona, T. and Prieto, E. and Riva, M. and Toledo, R. and Trifoglio, M. and Zerbi, F. and Abdalla, F. and Douspis, M. and Grenet, C. and Borgani, S. and Bouwens, R. and Courbin, F. and Delouis, J.-M. and Dubath, P. and Fontana, A. and Frailis, M. and Grazian, A. and Koppenh{\"o}fer, J. and Mansutti, O. and Melchior, M. and Mignoli, M. and Mohr, J. and Neissner, C. and Noddle, K. and Poncet, M. and Scodeggio, M. and Serrano, S. and Shane, N. and Starck, J.-L. and Surace, C. and Taylor, A. and Verdoes-Kleijn, G. and Vuerli, C. and Williams, O. R. and Zacchei, A. and Altieri, B. and Sanz, I. Escudero and Kohley, R. and Oosterbroek, T. and Astier, P. and Bacon, D. and Bardelli, S. and Baugh, C. and Bellagamba, F. and Benoist, C. and Bianchi, D. and Biviano, A. and Branchini, E. and Carbone, C. and Cardone, V. and Clements, D. and Colombi, S. and Conselice, C. and Cresci, G. and Deacon, N. and Dunlop, J. and Fedeli, C. and Fontanot, F. and Franzetti, P. and Giocoli, C. and Garcia-Bellido, J. and Gow, J. and Heavens, A. and Hewett, P. and Heymans, C. and Holland, A. and Huang, Z. and Ilbert, O. and Joachimi, B. and Jennins, E. and Kerins, E. and Kiessling, A. and Kirk, D. and Kotak, R. and Krause, O. and Lahav, O. and van Leeuwen, F. and Lesgourgues, J. and Lombardi, M. and Magliocchetti, M. and Maguire, K. and Majerotto, E. and Maoli, R. and Marulli, F. and Maurogordato, S. and McCracken, H. and McLure, R. and Melchiorri, A. and Merson, A. and Moresco, M. and Nonino, M. and Norberg, P. and Peacock, J. and Pello, R. and Penny, M. and Pettorino, V. and Di Porto, C. and Pozzetti, L. and Quercellini, C. and Radovich, M. and Rassat, A. and Roche, N. and Ronayette, S. and Rossetti, E. and Sartoris, B. and Schneider, P. and Semboloni, E. and Serjeant, S. and Simpson, F. and Skordis, C. and Smadja, G. and Smartt, S. and Spano, P. and Spiro, S. and Sullivan, M. and Tilquin, A. and Trotta, R. and Verde, L. and Wang, Y. and Williger, G. and Zhao, G. and Zoubian, J. and Zucca, E.},
	month = oct,
	year = {2011},
}

@article{malz_approximating_2018,
	title = {Approximating {Photo}- z {PDFs} for {Large} {Surveys}},
	volume = {156},
	issn = {1538-3881},
	language = {en},
	number = {1},
	journal = {AJ},
	author = {Malz, A. I. and Marshall, P. J. and DeRose, J. and Graham, M. L. and Schmidt, S. J. and Wechsler, R. and Collaboration), (LSST Dark Energy Science},
	year = {2018},
	pages = {35},
}

@article{leung_bayesian_2017,
	title = {Bayesian {Redshift} {Classification} of {Emission}-line {Galaxies} with {Photometric} {Equivalent} {Widths}},
	volume = {843},
	issn = {0004-637X},
	language = {en},
	number = {2},
	journal = {ApJ},
	author = {Leung, Andrew S. and Acquaviva, Viviana and Gawiser, Eric and Ciardullo, Robin and Komatsu, Eiichiro and Malz, A. I. and Zeimann, Gregory R. and Bridge, Joanna S. and Drory, Niv and Feldmeier, John J. and Finkelstein, Steven L. and Gebhardt, Karl and {Caryl Gronwall} and Hagen, Alex and Hill, Gary J. and Schneider, Donald P.},
	year = {2017},
	pages = {130},
}

@article{masters_mapping_2015,
	title = {Mapping the {Galaxy} {Color}{\textendash}{Redshift} {Relation}: {Optimal} {Photometric} {Redshift} {Calibration} {Strategies} for {Cosmology} {Surveys}},
	volume = {813},
	issn = {0004-637X},
	shorttitle = {Mapping the {Galaxy} {Color}{\textendash}{Redshift} {Relation}},
	language = {en},
	number = {1},
	journal = {ApJ},
	author = {Masters, Daniel and Capak, Peter and Stern, Daniel and Ilbert, Olivier and Salvato, Mara and Schmidt, Samuel and {Giuseppe Longo} and Rhodes, Jason and Paltani, Stephane and Mobasher, Bahram and Hoekstra, Henk and Hildebrandt, Hendrik and {Jean Coupon} and Steinhardt, Charles and Speagle, Josh and Faisst, Andreas and Kalinich, Adam and Brodwin, Mark and {Massimo Brescia} and Cavuoti, Stefano},
	year = {2015},
	pages = {53},
}

@article{ball_robust_2008,
	title = {Robust {Machine} {Learning} {Applied} to {Astronomical} {Data} {Sets}. {III}. {Probabilistic} {Photometric} {Redshifts} for {Galaxies} and {Quasars} in the {SDSS} and {GALEX}},
	volume = {683},
	issn = {0004-637X},
	language = {en},
	number = {1},
	journal = {The Astrophysical Journal},
	author = {Ball, Nicholas M. and Brunner, Robert J. and Myers, Adam D. and Strand, Natalie E. and Alberts, Stacey L. and Tcheng, David},
	month = aug,
	year = {2008},
	pages = {12--21}
}

@article{baum_photoelectric_1962,
	series = {Problems of {Extra}-{Galactic} {Research}},
	title = {Photoelectric {Magnitudes} and {Red}-{Shifts}},
	volume = {15},
	journal = {Proceedings from IAU Symposium},
	author = {Baum, W. A.},
	year = {1962},
	pages = {390}
}

@article{bonnett_using_2015,
	title = {Using neural networks to estimate redshift distributions. {An} application to {CFHTLenS}},
	volume = {449},
	issn = {0035-8711},
	number = {1},
	journal = {Monthly Notices of the Royal Astronomical Society},
	author = {Bonnett, C.},
	month = mar,
	year = {2015},
	pages = {1043--1056}
}

@article{budavari_unified_2009,
	title = {A {UNIFIED} {FRAMEWORK} {FOR} {PHOTOMETRIC} {REDSHIFTS}},
	volume = {695},
	issn = {0004-637X},
	language = {en},
	number = {1},
	journal = {The Astrophysical Journal},
	author = {Budav{\'a}ri, Tam{\'a}s},
	month = apr,
	year = {2009},
	pages = {747--754}
}

@article{carliles_random_2010,
	title = {{RANDOM} {FORESTS} {FOR} {PHOTOMETRIC} {REDSHIFTS}},
	volume = {712},
	issn = {0004-637X},
	language = {en},
	number = {1},
	journal = {The Astrophysical Journal},
	author = {Carliles, Samuel and Budav{\'a}ri, Tam{\'a}s and Heinis, S{\'e}bastien and Priebe, Carey and Szalay, Alexander S.},
	month = mar,
	year = {2010},
	pages = {511--515}
}

@article{carrasco_kind_tpz:_2013,
	title = {{TPZ}: photometric redshift {PDFs} and ancillary information by using prediction trees and random forests},
	volume = {432},
	issn = {0035-8711},
	number = {2},
	journal = {Monthly Notices of the Royal Astronomical Society},
	author = {Carrasco Kind, M. and Brunner, R. J.},
	month = may,
	year = {2013},
	pages = {1483--1501},
}

@article{carrasco_kind_exhausting_2014,
	title = {Exhausting the information: novel {Bayesian} combination of photometric redshift {PDFs}},
	volume = {442},
	issn = {0035-8711},
	number = {4},
	journal = {Monthly Notices of the Royal Astronomical Society},
	author = {Carrasco Kind, M. and Brunner, R. J.},
	month = jun,
	year = {2014},
	pages = {3380--3399},
}

@article{dipompeo_quasar_2015,
	title = {Quasar probabilities and redshifts from {WISE} mid-{IR} through {GALEX} {UV} photometry},
	volume = {452},
	issn = {0035-8711},
	language = {en},
	number = {3},
	journal = {Monthly Notices of the Royal Astronomical Society},
	author = {DiPompeo, M. A. and Bovy, J. and Myers, A. D. and Lang, D.},
	month = jul,
	year = {2015},
	pages = {3124--3138}
}

@article{foreman-mackey_emcee_2013,
	title = {emcee : {The} {MCMC} {Hammer}},
	volume = {125},
	issn = {00046280},
	number = {925},
	journal = {Publications of the Astronomical Society of the Pacific},
	author = {Foreman-Mackey, Daniel and Hogg, David W. and Lang, Dustin and Goodman, Jonathan},
	month = mar,
	year = {2013},
	pages = {306--312}
}

@article{foreman-mackey_exoplanet_2014,
	title = {{EXOPLANET} {POPULATION} {INFERENCE} {AND} {THE} {ABUNDANCE} {OF} {EARTH} {ANALOGS} {FROM} {NOISY}, {INCOMPLETE} {CATALOGS}},
	volume = {795},
	issn = {1538-4357},
	language = {en},
	number = {1},
	journal = {The Astrophysical Journal},
	author = {Foreman-Mackey, Daniel and Hogg, David W. and Morton, Timothy D.},
	month = oct,
	year = {2014},
	pages = {64}
}

@article{gorecki_new_2014,
	title = {A new method to improve photometric redshift reconstruction},
	volume = {561},
	issn = {0004-6361},
	journal = {Astronomy \& Astrophysics},
	author = {Gorecki, Alexia and Abate, Alexandra and Ansari, R{\'e}za and Barrau, Aur{\'e}lien and Baumont, Sylvain and Moniez, Marc and Ricol, Jean-St{\'e}phane},
	month = jan,
	year = {2014},
	pages = {A128}
}

@article{hogg_data_2012,
	title = {Data analysis recipes: {Probability} calculus for inference},
	journal = {arXiv},
	author = {Hogg, David W.},
	month = may,
	year = {2012},
}

@incollection{koo_photometric_1999,
	title = {Photometric {Redshifts}: {A} {Perspective} from an {Old}-{Timer} on {Its} {Past}, {Present}, and {Potential}},
	booktitle = {Photom. {Redshifts} {High} {Redshift} {Galaxies}},
	publisher = {ASP Conference Series},
	author = {Koo, David C.},
	editor = {Weymann, R and Storrie-Lombardi, L. and Sawicki, M. and Brunner, R.},
	month = jul,
	year = {1999},
}

@article{lima_estimating_2008,
	title = {Estimating the redshift distribution of photometric galaxy samples},
	volume = {390},
	issn = {00358711},
	number = {1},
	journal = {Monthly Notices of the Royal Astronomical Society},
	author = {Lima, Marcos and Cunha, Carlos E. and Oyaizu, Hiroaki and Frieman, Joshua and Lin, Huan and Sheldon, Erin S.},
	month = oct,
	year = {2008},
	pages = {118--130}
}

@article{menard_clustering-based_2013,
	title = {Clustering-based redshift estimation: method and application to data},
	journal = {arXiv},
	author = {M{\'e}nard, Brice and Scranton, Ryan and Schmidt, Samuel and Morrison, Chris and Jeong, Donghui and Budavari, Tamas and Rahman, Mubdi},
	month = mar,
	year = {2013},
}

@article{norberg_2df_2002,
	title = {The {2dF} {Galaxy} {Redshift} {Survey}: the {bJ}-band galaxy luminosity function and survey selection function},
	volume = {336},
	issn = {0035-8711},
	number = {3},
	journal = {Monthly Notices of the Royal Astronomical Society},
	author = {Norberg, P. and Cole, S. and Baugh, C. M. and Frenk, C. S. and Baldry, I. and Bland-Hawthorn, J. and Bridges, T. and Cannon, R. and Colless, M. and Collins, C. and Couch, W. and Cross, N. J. G. and Dalton, G. and De Propris, R. and Driver, S. P. and Efstathiou, G. and Ellis, R. S. and Glazebrook, K. and Jackson, C. and Lahav, O. and Lewis, I. and Lumsden, S. and Maddox, S. and Madgwick, D. and Peacock, J. A. and Peterson, B. A. and Sutherland, W. and Taylor, K.},
	month = nov,
	year = {2002},
	pages = {907--931}
}

@article{sanchez_clustering_2013,
	title = {The clustering of galaxies in the {SDSS}-{III} {Baryon} {Oscillation} {Spectroscopic} {Survey}: cosmological constraints from the full shape of the clustering wedges},
	volume = {433},
	issn = {0035-8711},
	number = {2},
	journal = {Mon. Not. R. Astron. Soc.},
	author = {Sanchez, A. G. and Kazin, E. A. and Beutler, F. and Chuang, C.-H. and Cuesta, A. J. and Eisenstein, D. J. and Manera, M. and Montesano, F. and Nichol, R. C. and Padmanabhan, N. and Percival, W. and Prada, F. and Ross, A. J. and Schlegel, D. J. and Tinker, J. and Tojeiro, R. and Weinberg, D. H. and Xu, X. and Brinkmann, J. and Brownstein, J. R. and Schneider, D. P. and Thomas, D.},
	month = jun,
	year = {2013},
	pages = {1202--1222}
}

@article{van_breukelen_reliable_2009,
	title = {A reliable cluster detection technique using photometric redshifts: introducing the {2TecX} algorithm},
	volume = {395},
	issn = {00358711},
	number = {4},
	journal = {Monthly Notices of the Royal Astronomical Society},
	author = {van Breukelen, Caroline and Clewley, Lee},
	month = jun,
	year = {2009},
	pages = {1845--1856}
}

@article{viironen_high_2015,
	title = {High redshift galaxies in the {ALHAMBRA} survey},
	volume = {576},
	issn = {0004-6361},
	language = {en},
	journal = {Astronomy \& Astrophysics},
	author = {Viironen, K. and Mar{\'i}n-Franch, A. and L{\'o}pez-Sanjuan, C. and Varela, J. and Chaves-Montero, J. and Crist{\'o}bal-Hornillos, D. and Molino, A. and Fern{\'a}ndez-Soto, A. and Vilella-Rojo, G. and Ascaso, B. and Cenarro, A. J. and Cervi{\~n}o, M. and Cepa, J. and Ederoclite, A. and M{\'a}rquez, I. and Masegosa, J. and Moles, M. and Oteo, I. and Povi{\'c}, M. and Aguerri, J. A. L. and Alfaro, E. and Aparicio-Villegas, T. and Ben{\'i}tez, N. and Broadhurst, T. and Cabrera-Ca{\~n}o, J. and Castander, J. F. and Del Olmo, A. and Gonz{\'a}lez Delgado, R. M. and Husillos, C. and Infante, L. and Mart{\'i}nez, V. J. and Perea, J. and Prada, F. and Quintana, J. M.},
	month = mar,
	year = {2015},
	pages = {A25}
}

@article{hildebrandt_phat:_2010,
	title = {{PHAT}: {PHoto}-z {Accuracy} {Testing}},
	volume = {523},
	journal = {Astronomy \& Astrophysics},
	author = {Hildebrandt, H. and Arnouts, S. and Capak, P. and Moustakas, L. A. and Wolf, C. and Abdalla, F. B. and Assef, R. J. and Banerji, M. and Ben{\'i}tez, N. and Brammer, G. B. and Budav{\'a}ri, T. and Carliles, S. and Coe, D. and Dahlen, T. and Feldmann, R. and Gerdes, D. and Gillis, B. and Ilbert, O. and Kotulla, R. and Lahav, O. and Li, I. H. and Miralles, J.-M. and Purger, N. and Schmidt, S. and Singal, J.},
	month = nov,
	year = {2010},
	pages = {A31}
}

@article{leistedt_data-driven_2017,
	title = {Data-driven, {Interpretable} {Photometric} {Redshifts} {Trained} on {Heterogeneous} and {Unrepresentative} {Data}},
	volume = {838},
	journal = {The Astrophysical Journal},
	author = {Leistedt, B. and Hogg, D. W.},
	month = mar,
	year = {2017},
	pages = {5},
}

@article{leistedt_hierarchical_2016,
	title = {Hierarchical {Bayesian} inference of galaxy redshift distributions from photometric surveys},
	volume = {460},
	issn = {0035-8711},
	language = {en},
	number = {4},
	journal = {Mon Not R Astron Soc},
	author = {Leistedt, Boris and Mortlock, Daniel J. and Peiris, Hiranya V.},
	month = aug,
	year = {2016},
	pages = {4258--4267},
}

@article{jain_whole_2015,
	title = {The {Whole} is {Greater} than the {Sum} of the {Parts}: {Optimizing} the {Joint} {Science} {Return} from {LSST}, {Euclid} and {WFIRST}},
	shorttitle = {The {Whole} is {Greater} than the {Sum} of the {Parts}},
	journal = {arXiv},
	author = {Jain, B. and Spergel, D. and Bean, R. and Connolly, A. and Dell'antonio, I. and Frieman, J. and Gawiser, E. and Gehrels, N. and Gladney, L. and Heitmann, K. and Helou, G. and Hirata, C. and Ho, S. and Ivezi{\'c}, {\v Z} and Jarvis, M. and Kahn, S. and Kalirai, J. and Kim, A. and Lupton, R. and Mandelbaum, R. and Marshall, P. and Newman, J. A. and Perlmutter, S. and Postman, M. and Rhodes, J. and Strauss, M. A. and Tyson, J. A. and Walkowicz, L. and Wood-Vasey, W. M.},
	month = jan,
	year = {2015},
}

@misc{rohatgi_webplotdigitizer_2019,
	address = {San Francisco, California, USA},
	title = {{WebPlotDigitizer}},
	author = {Rohatgi, Ankit},
	year = {2019},
}

@article{yang_calibrating_2018,
	title = {Calibrating magnification bias for the {EG} statistic to test general relativity},
	volume = {481},
	issn = {0035-8711},
	language = {en},
	number = {2},
	journal = {Mon Not R Astron Soc},
	author = {Yang, S. and Pullen, Anthony R.},
	month = dec,
	year = {2018},
	pages = {1441--1454},
}

@article{abruzzo_impact_2019,
	title = {The impact of photometric redshift errors on lensing statistics in ray-tracing simulations},
	volume = {486},
	issn = {0035-8711},
	language = {en},
	number = {2},
	journal = {Mon Not R Astron Soc},
	author = {Abruzzo, Matthew W. and Haiman, Zolt{\'a}n},
	month = jun,
	year = {2019},
	pages = {2730--2753},
}

@article{hildebrandt_cfhtlens:_2012,
	title = {{CFHTLenS}: improving the quality of photometric redshifts with precision photometry},
	volume = {421},
	issn = {0035-8711},
	shorttitle = {{CFHTLenS}},
	language = {en},
	number = {3},
	journal = {Mon Not R Astron Soc},
	author = {Hildebrandt, H. and Erben, T. and Kuijken, K. and van Waerbeke, L. and Heymans, C. and Coupon, J. and Benjamin, J. and Bonnett, C. and Fu, L. and Hoekstra, H. and Kitching, T. D. and Mellier, Y. and Miller, L. and Velander, M. and Hudson, M. J. and Rowe, B. T. P. and Schrabback, T. and Semboloni, E. and Ben{\'i}tez, N.},
	month = apr,
	year = {2012},
	pages = {2355--2367},
}

@article{benjamin_cfhtlens_2013,
	title = {{CFHTLenS} tomographic weak lensing: quantifying accurate redshift distributions},
	volume = {431},
	issn = {0035-8711},
	shorttitle = {{CFHTLenS} tomographic weak lensing},
	language = {en},
	number = {2},
	journal = {Mon Not R Astron Soc},
	author = {Benjamin, Jonathan and Van Waerbeke, Ludovic and Heymans, Catherine and Kilbinger, Martin and Erben, Thomas and Hildebrandt, Hendrik and Hoekstra, Henk and Kitching, Thomas D. and Mellier, Yannick and Miller, Lance and Rowe, Barnaby and Schrabback, Tim and Simpson, Fergus and Coupon, Jean and Fu, Liping and Harnois-D{\'e}raps, Joachim and Hudson, Michael J. and Kuijken, Konrad and Semboloni, Elisabetta and Vafaei, Sanaz and Velander, Malin},
	month = may,
	year = {2013},
	pages = {1547--1564},
}

@article{kelly_weighing_2014,
	title = {Weighing the {Giants} {\textendash} {II}. {Improved} calibration of photometry from stellar colours and accurate photometric redshifts},
	volume = {439},
	issn = {0035-8711},
	language = {en},
	number = {1},
	journal = {Mon Not R Astron Soc},
	author = {Kelly, Patrick L. and von der Linden, Anja and Applegate, Douglas E. and Allen, Mark T. and Allen, Steven W. and Burchat, Patricia R. and Burke, David L. and Ebeling, Harald and Capak, Peter and Czoske, Oliver and Donovan, David and Mantz, Adam and Morris, R. Glenn},
	month = mar,
	year = {2014},
	pages = {28--47},
}

@article{ma_effects_2006,
	title = {Effects of {Photometric} {Redshift} {Uncertainties} on {Weak}-{Lensing} {Tomography}},
	volume = {636},
	issn = {0004-637X},
	language = {en},
	number = {1},
	journal = {ApJ},
	author = {Ma, Zhaoming and Hu, Wayne and Huterer, Dragan},
	month = jan,
	year = {2006},
	pages = {21},
}

@article{leistedt_hierarchical_2019,
	title = {Hierarchical {Modeling} and {Statistical} {Calibration} for {Photometric} {Redshifts}},
	volume = {881},
	issn = {0004-637X},
	language = {en},
	number = {1},
	journal = {ApJ},
	author = {Leistedt, Boris and Hogg, David W. and Wechsler, Risa H. and DeRose, Joe},
	month = aug,
	year = {2019},
	pages = {80},
}

@article{awan_angular_2019,
	title = {Angular {Correlation} {Function} {Estimators} {Accounting} for {Contamination} from {Probabilistic} {Distance} {Measurements}},
	journal = {arXiv:1911.07832 [astro-ph]},
	author = {Awan, Humna and Gawiser, Eric},
	month = dec,
	year = {2019},
}

@article{hoyle_dark_2018,
	title = {Dark {Energy} {Survey} {Year} 1 {Results}: redshift distributions of the weak-lensing source galaxies},
	volume = {478},
	issn = {0035-8711},
	shorttitle = {Dark {Energy} {Survey} {Year} 1 {Results}},
	language = {en},
	number = {1},
	journal = {Mon Not R Astron Soc},
	author = {Hoyle, B. and Gruen, D. and Bernstein, G. M. and Rau, M. M. and De Vicente, J. and Hartley, W. G. and Gaztanaga, E. and DeRose, J. and Troxel, M. A. and Davis, C. and Alarcon, A. and MacCrann, N. and Prat, J. and S{\'a}nchez, C. and Sheldon, E. and Wechsler, R. H. and Asorey, J. and Becker, M. R. and Bonnett, C. and Rosell, A. Carnero and Carollo, D. and Kind, M. Carrasco and Castander, F. J. and Cawthon, R. and Chang, C. and Childress, M. and Davis, T. M. and Drlica-Wagner, A. and Gatti, M. and Glazebrook, K. and Gschwend, J. and Hinton, S. R. and Hoormann, J. K. and Kim, A. G. and King, A. and Kuehn, K. and Lewis, G. and Lidman, C. and Lin, H. and Macaulay, E. and Maia, M. a. G. and Martini, P. and Mudd, D. and M{\"o}ller, A. and Nichol, R. C. and Ogando, R. L. C. and Rollins, R. P. and Roodman, A. and Ross, A. J. and Rozo, E. and Rykoff, E. S. and Samuroff, S. and Sevilla-Noarbe, I. and Sharp, R. and Sommer, N. E. and Tucker, B. E. and Uddin, S. A. and Varga, T. N. and Vielzeuf, P. and Yuan, F. and Zhang, B. and Abbott, T. M. C. and Abdalla, F. B. and Allam, S. and Annis, J. and Bechtol, K. and Benoit-L{\'e}vy, A. and Bertin, E. and Brooks, D. and Buckley-Geer, E. and Burke, D. L. and Busha, M. T. and Capozzi, D. and Carretero, J. and Crocce, M. and D{\textquoteright}Andrea, C. B. and da Costa, L. N. and DePoy, D. L. and Desai, S. and Diehl, H. T. and Doel, P. and Eifler, T. F. and Estrada, J. and Evrard, A. E. and Fernandez, E. and Flaugher, B. and Fosalba, P. and Frieman, J. and Garc{\'i}a-Bellido, J. and Gerdes, D. W. and Giannantonio, T. and Goldstein, D. A. and Gruendl, R. A. and Gutierrez, G. and Honscheid, K. and James, D. J. and Jarvis, M. and Jeltema, T. and Johnson, M. W. G. and Johnson, M. D. and Kirk, D. and Krause, E. and Kuhlmann, S. and Kuropatkin, N. and Lahav, O. and Li, T. S. and Lima, M. and March, M. and Marshall, J. L. and Melchior, P. and Menanteau, F. and Miquel, R. and Nord, B. and O{\textquoteright}Neill, C. R. and Plazas, A. A. and Romer, A. K. and Sako, M. and Sanchez, E. and Santiago, B. and Scarpine, V. and Schindler, R. and Schubnell, M. and Smith, M. and Smith, R. C. and Soares-Santos, M. and Sobreira, F. and Suchyta, E. and Swanson, M. E. C. and Tarle, G. and Thomas, D. and Tucker, D. L. and Vikram, V. and Walker, A. R. and Weller, J. and Wester, W. and Wolf, R. C. and Yanny, B. and Zuntz, J.},
	month = jul,
	year = {2018},
	pages = {592--610},
}

@article{dahlen_critical_2013,
	title = {A {Critical} {Assessment} of {Photometric} {Redshift} {Methods}: {A} {CANDELS} {Investigation}},
	volume = {775},
	journal = {The Astrophysical Journal},
	author = {Dahlen, T. and Mobasher, B. and Faber, S. M. and Ferguson, H. C. and Barro, G. and Finkelstein, S. L. and Finlator, K. and Fontana, A. and Gruetzbauch, R. and Johnson, S. and Pforr, J. and Salvato, M. and Wiklind, T. and Wuyts, S. and Acquaviva, V. and Dickinson, M. E. and Guo, Y. and Huang, J. and Huang, K.-H. and Newman, J. A. and Bell, E. F. and Conselice, C. J. and Galametz, A. and Gawiser, E. and Giavalisco, M. and Grogin, N. A. and Hathi, N. and Kocevski, D. and Koekemoer, A. M. and Koo, D. C. and Lee, K.-S. and McGrath, E. J. and Papovich, C. and Peth, M. and Ryan, R. and Somerville, R. and Weiner, B. and Wilson, G.},
	month = oct,
	year = {2013},
	pages = {93}
}

@article{schmidt_evaluation_2020,
	title = {Evaluation of probabilistic photometric redshift estimation approaches for {LSST}},
	journal = {arXiv},
	author = {Schmidt, S. J. and Malz, A. I. and Soo, J. Y. H. and Almosallam, I. A. and Brescia, M. and Cavuoti, S. and Cohen-Tanugi, J. and Connolly, A. J. and DeRose, J. and Freeman, P. E. and Graham, M. L. and Iyer, K. G. and Jarvis, M. J. and Kalmbach, J. B. and Kovacs, E. and Lee, A. B. and Longo, G. and Morrison, C. B. and Newman, J. A. and Nourbakhsh, E. and Nuss, E. and Pospisil, T. and Tranin, H. and Wechsler, R. H. and Zhou, R. and Izbicki, R. and Collaboration, The LSST Dark Energy Science},
	month = jan,
	year = {2020},
}

@article{hogg_inferring_2010,
	title = {{INFERRING} {THE} {ECCENTRICITY} {DISTRIBUTION}},
	volume = {725},
	issn = {0004-637X},
	language = {en},
	number = {2},
	journal = {ApJ},
	author = {Hogg, David W. and Myers, Adam D. and Bovy, Jo},
	month = dec,
	year = {2010},
	pages = {2166--2175},
}

@article{gelman_inference_1992,
	title = {Inference from {Iterative} {Simulation} {Using} {Multiple} {Sequences}},
	volume = {7},
	issn = {0883-4237, 2168-8745},
	language = {EN},
	number = {4},
	journal = {Statist. Sci.},
	author = {Gelman, Andrew and Rubin, Donald B.},
	month = nov,
	year = {1992},
	zmnumber = {06853057},
	pages = {457--472},
}
