
@article{prat_galaxy_2016,
	title = {Galaxy bias from galaxy-galaxy lensing in the {DES} {Science} {Verification} {Data}},
	url = {http://arxiv.org/abs/1609.08167},
	urldate = {2017-01-30},
	journal = {arXiv:1609.08167 [astro-ph]},
	author = {Prat, J. and Sánchez, C. and Miquel, R. and Kwan, J. and Blazek, J. and Bonnett, C. and Amara, A. and Bridle, S. L. and Clampitt, J. and Crocce, M. and Fosalba, P. and Gaztanaga, E. and Giannantonio, T. and Hartley, W. G. and Jarvis, M. and MacCrann, N. and Percival, W. J. and Ross, A. J. and Sheldon, E. and Zuntz, J. and Abbott, T. M. C. and Abdalla, F. B. and Annis, J. and Benoit-Lévy, A. and Bertin, E. and Brooks, D. and Burke, D. L. and Rosell, A. Carnero and Kind, M. Carrasco and Carretero, J. and Castander, F. J. and da Costa, L. N. and DePoy, D. L. and Desai, S. and Diehl, H. T. and Doel, P. and Eifler, T. F. and Evrard, A. E. and Neto, A. Fausti and Flaugher, B. and Frieman, J. and Gerdes, D. W. and Gruen, D. and Gruendl, R. A. and Gutierrez, G. and Honscheid, K. and James, D. J. and Kuehn, K. and Kuropatkin, N. and Lahav, O. and Lima, M. and Marshall, J. L. and Melchior, P. and Menanteau, F. and Nord, B. and Plazas, A. A. and Reil, K. and Romer, A. K. and Roodman, A. and Sanchez, E. and Scarpine, V. and Schubnell, M. and Sevilla-Noarbe, I. and Smith, R. C. and Soares-Santos, M. and Sobreira, F. and Suchyta, E. and Swanson, M. E. C. and Tarle, G. and Thomas, D. and Walker, A. R.},
	month = sep,
	year = {2016},
	note = {arXiv: 1609.08167},
}

@article{leistedt_hierarchical_2016,
	title = {Hierarchical {Bayesian} inference of galaxy redshift distributions from photometric surveys},
	volume = {460},
	url = {https://academic.oup.com/mnras/article/460/4/4258/2609193/Hierarchical-Bayesian-inference-of-galaxy-redshift},
	doi = {10.1093/mnras/stw1304},
	number = {4},
	urldate = {2017-01-30},
	journal = {Monthly Notices of the Royal Astronomical Society},
	author = {Leistedt, Boris and Mortlock, Daniel J. and Peiris, Hiranya V.},
	month = aug,
	year = {2016},
	pages = {4258--4267},
}

@article{hildebrandt_kids-450:_2016,
	title = {{KiDS}-450: {Cosmological} parameter constraints from tomographic weak gravitational lensing},
	shorttitle = {{KiDS}-450},
	url = {https://academic.oup.com/mnras/article/doi/10.1093/mnras/stw2805/2417034/KiDS-450-Cosmological-parameter-constraints-from},
	doi = {10.1093/mnras/stw2805},
	urldate = {2017-01-30},
	journal = {Monthly Notices of the Royal Astronomical Society},
	author = {Hildebrandt, H. and Viola, M. and Heymans, C. and Joudaki, S. and Kuijken, K. and Blake, C. and Erben, T. and Joachimi, B. and Klaes, D. and Miller, L. and Morrison, C. B. and Nakajima, R. and Verdoes Kleijn, G. and Amon, A. and Choi, A. and Covone, G. and de Jong, J. T. A. and Dvornik, A. and Fenech Conti, I. and Grado, A. and Harnois-Déraps, J. and Herbonnet, R. and Hoekstra, H. and Köhlinger, F. and McFarland, J. and Mead, A. and Merten, J. and Napolitano, N. and Peacock, J. A. and Radovich, M. and Schneider, P. and Simon, P. and Valentijn, E. A. and van den Busch, J. L. and van Uitert, E. and Van Waerbeke, L.},
	month = nov,
	year = {2016},
}

@article{sheldon_photometric_2012,
	title = {{PHOTOMETRIC} {REDSHIFT} {PROBABILITY} {DISTRIBUTIONS} {FOR} {GALAXIES} {IN} {THE} {SDSS} {DR}8},
	volume = {201},
	url = {http://iopscience.iop.org/article/10.1088/0067-0049/201/2/32},
	doi = {10.1088/0067-0049/201/2/32},
	language = {en},
	number = {2},
	journal = {Astrophys. J. Suppl. Ser.},
	author = {Sheldon, Erin S. and Cunha, Carlos E. and Mandelbaum, Rachel and Brinkmann, J. and Weaver, Benjamin A.},
	month = aug,
	year = {2012},
	pages = {32}
}

@article{masters_mapping_2015,
	title = {{MAPPING} {THE} {GALAXY} {COLOR}–{REDSHIFT} {RELATION}: {OPTIMAL} {PHOTOMETRIC} {REDSHIFT} {CALIBRATION} {STRATEGIES} {FOR} {COSMOLOGY} {SURVEYS}},
	volume = {813},
	url = {http://iopscience.iop.org/article/10.1088/0004-637X/813/1/53},
	doi = {10.1088/0004-637X/813/1/53},
	language = {en},
	number = {1},
	journal = {Astrophys. J.},
	author = {Masters, Daniel and Capak, Peter and Stern, Daniel and Ilbert, Olivier and Salvato, Mara and Schmidt, Samuel and Longo, Giuseppe and Rhodes, Jason and Paltani, Stephane and Mobasher, Bahram and Hoekstra, Henk and Hildebrandt, Hendrik and Coupon, Jean and Steinhardt, Charles and Speagle, Josh and Faisst, Andreas and Kalinich, Adam and Brodwin, Mark and Brescia, Massimo and Cavuoti, Stefano},
	month = oct,
	year = {2015},
	pages = {53}
}

@article{mandelbaum_precision_2008,
	title = {Precision photometric redshift calibration for galaxy–galaxy weak lensing},
	volume = {386},
	url = {http://mnras.oxfordjournals.org/content/386/2/781},
	doi = {10.1111/j.1365-2966.2008.12947.x},
	number = {2},
	journal = {Mon. Not. R. Astron. Soc.},
	author = {Mandelbaum, R. and Seljak, U. and Hirata, C. M. and Bardelli, S. and Bolzonella, M. and Bongiorno, A. and Carollo, M. and Contini, T. and Cunha, C. E. and Garilli, B. and Iovino, A. and Kampczyk, P. and Kneib, J.-P. and Knobel, C. and Koo, D. C. and Lamareille, F. and Le Fèvre, O. and Leborgne, J.-F. and Lilly, S. J. and Maier, C. and Mainieri, V. and Mignoli, M. and Newman, J. A. and Oesch, P. A. and Perez-Montero, E. and Ricciardelli, E. and Scodeggio, M. and Silverman, J. and Tasca, L.},
	month = may,
	year = {2008},
	pages = {781--806}
}

@article{baum_photoelectric_1962,
	title = {Photoelectric {Magnitudes} and {Red}-{Shifts}},
	url = {http://adsabs.harvard.edu/abs/1962IAUS...15..390B},
	number = {15},
	journal = {Proc. from IAU Symp.},
	author = {Baum, W. A.},
	year = {1962}
}